<record><leader>00000cas a22000007a 4500</leader><controlfield tag="001">10363338</controlfield><controlfield tag="008">840201d184918uumsucr ne      0    0eng  </controlfield><datafield ind1=" " ind2=" " tag="010"><subfield code="a">sn 84020115 </subfield></datafield><datafield ind1=" " ind2=" " tag="040"><subfield code="a">DLC</subfield><subfield code="b">eng</subfield><subfield code="c">DLC</subfield><subfield code="d">DLC</subfield><subfield code="d">OCLCF</subfield></datafield><datafield ind1="1" ind2=" " tag="029"><subfield code="a">AU@</subfield><subfield code="b">000025804862</subfield></datafield><datafield ind1=" " ind2=" " tag="042"><subfield code="a">msc</subfield></datafield><datafield ind1=" " ind2=" " tag="043"><subfield code="a">n-us-ms</subfield></datafield><datafield ind1="0" ind2="0" tag="050"><subfield code="a">Newspaper</subfield></datafield><datafield ind1="0" ind2="4" tag="245"><subfield code="a">The Yazoo Democrat.</subfield></datafield><datafield ind1=" " ind2=" " tag="260"><subfield code="a">Yazoo, Miss. :</subfield><subfield code="b">E. Barksdale,</subfield><subfield code="c">1849-</subfield></datafield><datafield ind1=" " ind2=" " tag="300"><subfield code="a">v. :</subfield><subfield code="b">ill. (chiefly advertisements) ;</subfield><subfield code="c">51 cm.</subfield></datafield><datafield ind1=" " ind2=" " tag="310"><subfield code="a">Semiweekly</subfield></datafield><datafield ind1="0" ind2=" " tag="362"><subfield code="a">Vol. 11, no. 9 (Mar. 31, 1849)-</subfield></datafield><datafield ind1=" " ind2="0" tag="651"><subfield code="a">Yazoo City (Miss.)</subfield><subfield code="v">Newspapers.</subfield></datafield><datafield ind1=" " ind2="7" tag="655"><subfield code="a">Newspapers.</subfield><subfield code="2">fast</subfield><subfield code="0">(OCoLC)fst01423814</subfield></datafield><datafield ind1=" " ind2="7" tag="651"><subfield code="a">Mississippi</subfield><subfield code="z">Yazoo City.</subfield><subfield code="2">fast</subfield><subfield code="0">(OCoLC)fst01226271</subfield></datafield><datafield ind1=" " ind2=" " tag="752"><subfield code="a">United States</subfield><subfield code="b">Mississippi</subfield><subfield code="c">Yazoo</subfield><subfield code="d">Yazoo.</subfield></datafield><datafield ind1="1" ind2=" " tag="775"><subfield code="t">Yazoo Democrat (Weekly)</subfield><subfield code="x">2378-4962</subfield><subfield code="w">(DLC)sn 87065704</subfield><subfield code="w">(OCoLC)16644306</subfield></datafield></record>